<?xml version="1.0" encoding="UTF-8"?><collection xmlns="http://www.loc.gov/MARC21/slim"><record><leader>00422nam--2200157-i-4500</leader><controlfield tag="001">000006263</controlfield><controlfield tag="002">20161230</controlfield><controlfield tag="005">20170304180843</controlfield><controlfield tag="008">060222s1000------------r-----000-0-eng-d</controlfield><datafield ind1=" " ind2=" " tag="100"><subfield code="a">D Espagnat, Bernard</subfield></datafield><datafield ind1=" " ind2=" " tag="245"><subfield code="a">Interplay of competing resonances</subfield></datafield><datafield ind1=" " ind2=" " tag="260"><subfield code="a">Orsay</subfield><subfield code="b">Labor.De Phys.Theor.Et Des Hautes Energies</subfield><subfield code="c">1963</subfield></datafield><datafield ind1=" " ind2=" " tag="300"><subfield code="a">27 p</subfield></datafield><datafield ind1=" " ind2=" " tag="700"><subfield code="a">Renard, Fernand M</subfield></datafield><datafield ind1=" " ind2=" " tag="852"><subfield code="a">530.1</subfield></datafield><datafield ind1=" " ind2=" " tag="CAT"><subfield code="a">SYS</subfield><subfield code="c">20170304</subfield><subfield code="h">180843</subfield></datafield></record></collection>